
@article{RevModPhys.96.045006,
  title = {Semidefinite programming relaxations for quantum correlations},
  author = {Tavakoli, Armin and Pozas-Kerstjens, Alejandro and Brown, Peter and Ara\'ujo, Mateus},
  journal = {Rev. Mod. Phys.},
  volume = {96},
  issue = {4},
  pages = {045006},
  numpages = {68},
  year = {2024},
  month = {Dec},
  publisher = {American Physical Society},
  doi = {10.1103/RevModPhys.96.045006},
  url = {https://link.aps.org/doi/10.1103/RevModPhys.96.045006}
}


